@article{anderson2000null,
  title={Null hypothesis testing: problems, prevalence, and an alternative},
  author={Anderson, David R and Burnham, Kenneth P and Thompson, William L},
  journal={The journal of wildlife management},
  pages={912--923},
  year={2000},
  publisher={JSTOR}
}

@article{johnson2004model,
  title={Model selection in ecology and evolution},
  author={Johnson, Jerald B and Omland, Kristian S},
  journal={Trends in ecology \& evolution},
  volume={19},
  number={2},
  pages={101--108},
  year={2004},
  publisher={Elsevier}
}

@book{hilborn1997ecological,
  title={The ecological detective: confronting models with data},
  author={Hilborn, Ray and Mangel, Marc},
  year={1997},
  publisher={Princeton University Press}
}

@article{baranyi1995mathematics,
  title={Mathematics of predictive food microbiology},
  author={Baranyi, J{\'o}zsef and Roberts, Terry A},
  journal={International journal of food microbiology},
  volume={26},
  number={2},
  pages={199--218},
  year={1995},
  publisher={Elsevier}
}
@article{mckellar2004primary,
  title={Primary models},
  author={McKellar, Robin C and Lu, Xuewen},
  journal={Modeling microbial responses in food},
  pages={21--62},
  year={2004},
  publisher={Boca Raton, Florida: CRC Press}
}
@article{zwietering1990modeling,
  title={Modeling of the bacterial growth curve},
  author={Zwietering, MH and Jongenburger, Il and Rombouts, FM and Van't Riet, KJAEM},
  journal={Appl. Environ. Microbiol.},
  volume={56},
  number={6},
  pages={1875--1881},
  year={1990},
  publisher={Am Soc Microbiol}
}
@article{gibson1988predicting,
  title={Predicting microbial growth: growth responses of salmonellae in a laboratory medium as affected by pH, sodium chloride and storage temperature},
  author={Gibson, Angela M and Bratchell, N and Roberts, TA},
  journal={International journal of food microbiology},
  volume={6},
  number={2},
  pages={155--178},
  year={1988},
  publisher={Elsevier}
}
@article{buchanan1997simple,
  title={When is simple good enough: a comparison of the Gompertz, Baranyi, and three-phase linear models for fitting bacterial growth curves},
  author={Buchanan, RL and Whiting, RC and Damert, WC},
  journal={Food microbiology},
  volume={14},
  number={4},
  pages={313--326},
  year={1997},
  publisher={Academic Press}
}
@article{ricker1979growth,
  title={Growth rates and models},
  author={Ricker, WE},
  journal={Fish physiology},
  pages={673--743},
  year={1979},
  publisher={Academic Press}
}
@article{bae2014growth,
  title={Growth characteristics and biofilm formation of various spoilage bacteria isolated from fresh produce},
  author={Bae, Young-Min and Zheng, Ling and Hyun, Jeong-Eun and Jung, Kyu-Seok and Heu, Sunggi and Lee, Sun-Young},
  journal={Journal of food science},
  volume={79},
  number={10},
  pages={M2072--M2080},
  year={2014},
  publisher={Wiley Online Library}
}
@book{bolker2008ecological,
  title={Ecological models and data in R},
  author={Bolker, Benjamin M},
  year={2008},
  publisher={Princeton University Press}
}
@article{bernhardt2018metabolic,
  title={Metabolic theory and the temperature-size rule explain the temperature dependence of population carrying capacity},
  author={Bernhardt, Joey R and Sunday, Jennifer M and Oâ€™Connor, Mary I},
  journal={The American Naturalist},
  volume={192},
  number={6},
  pages={687--697},
  year={2018},
  publisher={University of Chicago Press Chicago, IL}
}
@article{galarz2016predicting,
  title={Predicting bacterial growth in raw, salted, and cooked chicken breast fillets during storage},
  author={Galarz, Liane Aldrighi and Fonseca, Gustavo Graciano and Prentice, Carlos},
  journal={Food Science and Technology International},
  volume={22},
  number={6},
  pages={461--474},
  year={2016},
  publisher={SAGE Publications Sage UK: London, England}
}
@article{gill1991growth,
  title={Growth of Escherichia coli and Salmonella typhimurium on high-pH beef packed under vacuum or carbon dioxide},
  author={Gill, CO and DeLacy, KM},
  journal={International journal of food microbiology},
  volume={13},
  number={1},
  pages={21--30},
  year={1991},
  publisher={Elsevier}
}
@article{phillips1987relation,
  title={The relation between temperature and growth of bacteria in dairy products},
  author={Phillips, JD and Griffiths, MW},
  journal={Food Microbiology},
  volume={4},
  number={2},
  pages={173--185},
  year={1987},
  publisher={Elsevier}
}
@article{roth1962continuity,
  title={Continuity of psychrophilic and mesophilic growth characteristics in the genus Arthrobacter},
  author={Roth, Norman G and Wheaton, Robert B},
  journal={Journal of bacteriology},
  volume={83},
  number={3},
  pages={551--555},
  year={1962},
  publisher={Am Soc Microbiol}
}
@article{silva2018modelling,
  title={Modelling the growth of lactic acid bacteria at different temperatures},
  author={Silva, Ana Paula Rosa da and Longhi, Daniel Angelo and Dalcanton, Francieli and Arag{\~a}o, Gl{\'a}ucia Maria Falc{\~a}o de},
  journal={Brazilian Archives of Biology and Technology},
  volume={61},
  year={2018},
  publisher={SciELO Brasil}
}
@article{sivonen1990effects,
  title={Effects of light, temperature, nitrate, orthophosphate, and bacteria on growth of and hepatotoxin production by Oscillatoria agardhii strains.},
  author={Sivonen, Kaarina},
  journal={Appl. Environ. Microbiol.},
  volume={56},
  number={9},
  pages={2658--2666},
  year={1990},
  publisher={Am Soc Microbiol}
}
@article{stannard1985temperature,
  title={Temperature/growth relationships for psychrotrophic food-spoilage bacteria},
  author={Stannard, CJ and Williams, AP and Gibbs, PA},
  journal={Food Microbiology},
  volume={2},
  number={2},
  pages={115--122},
  year={1985},
  publisher={Elsevier}
}
@article{zwietering1994modeling,
  title={Modeling of bacterial growth with shifts in temperature},
  author={Zwietering, MH and De Wit, JC and Cuppers, HGAM and Van't Riet, K},
  journal={Appl. Environ. Microbiol.},
  volume={60},
  number={1},
  pages={204--213},
  year={1994},
  publisher={Am Soc Microbiol}
}
@Manual{minpacklm,
    title = {minpack.lm: R Interface to the Levenberg-Marquardt Nonlinear Least-Squares
Algorithm Found in MINPACK, Plus Support for Bounds},
    author = {Timur V. Elzhov and Katharine M. Mullen and Andrej-Nikolai Spiess and Ben Bolker},
    year = {2016},
    note = {R package version 1.2-1},
    url = {https://CRAN.R-project.org/package=minpack.lm},
 }
@book{rohlf1981biometry,
  title={Biometry: the principles and practice of statistics in biological research},
  author={Rohlf, F James and Sokal, Robert R},
  year={1981},
  publisher={Freeman New York}
}
@article{burnham2002practical,
  title={A practical information-theoretic approach},
  author={Burnham, Kenneth P and Anderson, David R},
  journal={Model selection and multimodel inference, 2nd ed. Springer, New York},
  year={2002}
}
@article{schwarz1978estimating,
  title={Estimating the dimension of a model},
  author={Schwarz, Gideon and others},
  journal={The annals of statistics},
  volume={6},
  number={2},
  pages={461--464},
  year={1978},
  publisher={Institute of Mathematical Statistics}
}
@article{burnham2004multimodel,
  title={Multimodel inference: understanding AIC and BIC in model selection},
  author={Burnham, Kenneth P and Anderson, David R},
  journal={Sociological methods \& research},
  volume={33},
  number={2},
  pages={261--304},
  year={2004},
  publisher={Sage Publications Sage CA: Thousand Oaks, CA}
}